@INPROCEEDINGS{somlo,
  author={G. L. {Somlo}},
  booktitle={2020 IEEE Security and Privacy Workshops (SPW)}, 
  title={Toward a Trustable, Self-Hosting Computer System}, 
  year={2020},
  volume={},
  number={},
  pages={136-143},
  doi={10.1109/SPW50608.2020.00039},
  url="https://youtu.be/5IhujGl\_-K0?t=955"
  }


@misc{fsf,
    author    = "Free Software Foundation",
    title     = "What is Free Software",
    url       = "https://www.gnu.org/philosophy/free-sw.html"
}

@misc{oshwa,
    author    = "Open Source Hardware Association",
    title     = "Definition",
    url       = "https://www.oshwa.org/definition/"
}

@misc{bunnie,
    author    = "Andrew (Bunnie) Haung",
    title     = "Impedance Matching Expectations Between RISC-V and the Open Hardware Community",
    slide     = "26",
    year      = "2017",
    url       = "https://riscv.org/wp-content/uploads/2017/05/Wed1100-impedancematch-huang.pdf"
}

@ARTICLE{karri,
  author={R. {Karri} and J. {Rajendran} and K. {Rosenfeld} and M. {Tehranipoor}},
  journal={Computer}, 
  title={Trustworthy Hardware: Identifying and Classifying Hardware Trojans}, 
  year={2010},
  volume={43},
  number={10},
  pages={39-46},
  doi={10.1109/MC.2010.299}
}

@misc{reproducible,
    author    = "Software Freedom Conservancy",
    title     = "Reproducible Builds",
    url       = "https://reproducible-builds.org/"
}

@ARTICLE{holler,
  author={M. {Holler} et al.},
  journal={Nature}, 
  title={High-resolution non-destructive three-dimensional imaging of integrated circuits}, 
  year={2017},
  volume={543},
  number={1476-4687},
  pages={401-406},
  doi={10.1038/nature21698}
}


@INPROCEEDINGS{anderson,
  author={R. {Anderson}},
  booktitle={Seventeenth Annual Computer Security Applications Conference}, 
  title={Why information security is hard - an economic perspective}, 
  year={2001},
  pages={358-365},
  doi={10.1109/ACSAC.2001.991552}
}

@misc{speedster,
    author    = "Achronix Semiconductor Corporation",
    title     = "Speedster7t FPGA Datasheet (DS015)",
    pages     = "23",
    url       = "https://www.achronix.com/sites/default/files/docs/Speedster7t\_FPGA\_Datasheet\_DS015\_0.pdf"
}

@ARTICLE{swierczynski,
  author={P. {Swierczynski} and M. {Fyrbiak} and P. {Koppe} and C. {Paar}},
  journal={IEEE Transactions on Computer-Aided Design of Integrated Circuits and Systems}, 
  title={FPGA Trojans Through Detecting and Weakening of Cryptographic Primitives}, 
  year={2015},
  volume={34},
  number={8},
  pages={1236-1249},
  doi={10.1109/TCAD.2015.2399455}
}

@misc{monster,
    author    = "Eric Schlaepfer",
    title     = "The Monster 6502",
    url       = "https://monster6502.com/"
}


@book{adams1995hitchhiker,
  title={The Hitchhiker's Guide to the Galaxy},
  author={Adams, D.},
  isbn={9781417642595},
  url={http://books.google.com/books?id=W-xMPgAACAAJ},
  year={1995},
  publisher={San Val}
}

